%%%tesisupiita Tesis: UPIITA-IPN
% ------------------------------------------------------------------------
% SAMPLE BIBLIOGRAPHY FILE
% ------------------------------------------------------------------------

@misc{1,
  author = "A. G.M.",
  title = {{Animales en peligro de extinción, una lista que crece cada año}},
  year = "2023",
  howpublished = "\url{https://www.nationalgeographic.com.es/naturaleza/animales-peligro-extincion-lista-que-crece-cada-ano_15217}"
}

@article{2,
  author = "J. D. Nichols",
  title = {{A Double-Observer Approach for Estimating Detection Probability and Abundance From Point Counts}},
  journal = {The Auk},
  volume = {117},
  number = {2},
  pages = {393--408},
  year = {2000},
  month = {Abril},
  doi = {10.1093/auk/117.2.393}
}

@book{3,
  author = "I. G. Priede",
  title = {{Wildlife Telemetry: Remote Monitoring and Tracking of Animals}},
  publisher = {Ellis Horwood Ltd},
  address = {Massachusetts, EE. UU.},
  year = {2018},
  isbn = {013957994X}
}

@article{4,
  author = "F. G. S. Antonio Javier Garcia Sanchez",
  title = {{Wireless Sensor Network Deployment for Monitoring Wildlife Passages}},
  journal = {Sensors},
  volume = {10},
  number = {8},
  pages = {7236--7262},
  year = {2010},
  month = {Agosto},
  doi = {10.3390/s100807236}
}

@incollection{5,
  author = "V. R. J. A. K. P. R. Ravi Bagree",
  title = {{TigerCENSE: Wireless Image Sensor Network to Monitor Tiger Movement}},
  booktitle = {Lecture Notes in Computer Science},
  volume = {6511},
  publisher = {Springer},
  address = {Berlin},
  series = {Real-World Wireless Sensor Networks},
  year = {2010},
  isbn = {978-3-642-17519-0},
  pages = {vol 6511}
}

@article{6,
  author = "S. J.-E. Margarita Mulero-Pázmány",
  title = {{Unmanned aircraft systems as a new source of disturbance for wildlife: A systematic review}},
  journal = {PLOS ONE},
  volume = {12},
  number = {6},
  year = {2017},
  doi = {10.1371/journal.pone.0178448}
}

@article{7,
  author = "J. P. J. J. V. O. Pavel Šimek",
  title = {{Use of Unmanned Aerial Vehicles for Wildlife}},
  journal = {Acta Universitatis Agriculturae et Silviculturae Mendelianae Brunensis},
  volume = {64},
  number = {4},
  pages = {1367--1374},
  year = {2016}
}

@article{8,
  author = "M. M.-P. Jesús Jiménez López",
  title = {{Drones for Conservation in Protected Areas: Present and Future}},
  journal = {Drones},
  volume = {3},
  number = {1},
  pages = {10},
  year = {2019},
  doi = {10.3390/drones3010010}
}

@misc{9,
  author = {Berteaux, D.},
  title = {{Essentials of Conservation Biology}},
  year = {2007},
  howpublished = {\url{https://www.researchgate.net/publication/250181012_Essentials_of_Conservation_Biology_R_B_Primack_2006_Essentials_of_Conservation_Biology_4th_Edition_Sinauer_Associates_xii_585_22_28_cm_hardcover_US8295_ISBN_0-87893-720-x}},
  note = {[En línea]}
}

@book{10,
  author = {Wilson, E.},
  title = {{Biophilia}},
  year = {1984},
  howpublished = {\url{https://doi.org/10.2307/j.ctvk12s6h}},
  note = {[En línea]}
}

@misc{11,
  author = {Goswami, M.},
  title = {{Extinction: The Causes and Consequences of the Disappearance of Species}},
  year = {2017},
  howpublished = {\url{https://www.scirp.org/(S(lz5mqp453edsnp55rrgjct55))/reference/ReferencesPapers.aspx?ReferenceID=1959650}},
  note = {[En línea]}
}

@article{12,
  author = {Cardinale, B. D. J. G. A.},
  title = {{Biodiversity loss and its impact on humanity}},
  journal = {Nature},
  volume = {486},
  number = {7401},
  pages = {59--67},
  year = {2012},
  doi = {10.1038/nature11148}
}

@misc{13,
  author = {{World Wildlife Fund}},
  title = {{¿Qué significa “especie en peligro de extinción”?}},
  year = {2019},
  howpublished = {\url{https://www.worldwildlife.org/descubre-wwf/historias/que-significa-especie-en-peligro-de-extincion}},
  note = {[En línea]}
}

@book{14,
  author = {Kery, M.},
  title = {{Introduction to WinBUGS for Ecologists}},
  year = {2010},
  howpublished = {\url{http://www.biometrica.tomsk.ru/lib/kery.pdf}},
  note = {[En línea]}
}

@article{15,
  author = {Ceballos, G.},
  title = {{Accelerated modern human-induced species losses: Entering the sixth mass extinction}},
  journal = {Science Advances},
  volume = {1},
  number = {5},
  pages = {e1400253},
  year = {2015},
  doi = {10.1126/sciadv.1400253}
}

@book{16,
  author = {{Millennium Ecosystem Assessment}},
  title = {{Ecosystems and human well-being: Biodiversity synthesis}},
  year = {2005},
  publisher = {World Resources Institute},
  address = {Washington, DC.}
}

@article{17,
  author = {Rappole, J. H. and Tipton, A. R.},
  title = {{New harness design for attachment of radio transmitters to small passerines}},
  journal = {Journal of Field Ornithology},
  volume = {62},
  number = {3},
  pages = {335--337},
  year = {1991}
}

@article{18,
  author = {Barua, M. B. S. A. J. S. and Barua, A. R.},
  title = {{The hidden dimensions of human–wildlife conflict: Health impacts, opportunity and transaction costs}},
  journal = {Biological Conservation},
  volume = {157},
  pages = {309--316},
  year = {2013},
  issn = {0006-3207}
}

@article{19,
  author = {Naidoo, A. L.-W. and Weaver, C. and Balmford, A.},
  title = {{A Global Perspective on Trends in Nature-Based Tourism}},
  journal = {PLoS Biol},
  volume = {7},
  number = {6},
  doi = {10.1371/journal.pbio.1000144},
  year = {2009}
}

@article{20,
  author = {Linke, S. and Meekan, M. G. and Voigt, M. and Limpus, C.},
  title = {{Distance estimation in underwater acoustic telemetry: a novel probability-based method to incorporate uncertainties derived from different positioning systems}},
  journal = {Methods in Ecology and Evolution},
  volume = {5},
  number = {6},
  pages = {567--576},
  year = {2014}
}

@article{21,
  title = {{Robust hierarchical state-space models reveal diel variation in travel rates of migrating leatherback turtles}},
  author = {Unknown},
  journal = {Journal of Animal Ecology},
  volume = {76},
  number = {1},
  pages = {135--144},
  year = {2015}
}

@article{22,
  author = {Mohsan, S. A. Hassnain and Othman, N. Q. Hamood and Li, Y. and Alsharif, M. H. and Khan, M. Asghar},
  title = {{Unmanned aerial vehicles (UAVs): practical aspects, applications, open challenges, security issues, and future trends}},
  journal = {Intelligent Service Robotics},
  volume = {16},
  doi = {10.1007/s11370-022-00452-4},
  pages = {109--137},
  year = {2023}
}

@article{23,
  author = {Abdelkader, S. G. H. J. J. S. S. Mohamed},
  title = {{Aerial Swarms: Recent Applications and Challenges}},
  journal = {Current Robotics Reports},
  volume = {2},
  doi = {10.1007/s43154-021-00063-4},
  pages = {309--320},
  month = {Julio},
  year = {2021}
}

@article{24,
  author = {Marques, Tiago A. and Schwarz, C. J. and Wiggins, D. A. and Kéry, M. and Johnson, D. H. and Kendall, W. L. and Borchers, D. L.},
  title = {{Estimating animal population density using passive acoustics}},
  journal = {Biological Reviews},
  volume = {88},
  number = {2},
  doi = {10.1111/brv.12001},
  month = {Noviembre},
  year = {2012}
}

@misc{25,
  author = {Kumar, V. and Sharma, S. and Saha, S.},
  title = {{Swarm and Evolutionary Computation}},
  publisher = {Elsevier},
  year = {2016},
  howpublished = {\url{https://www.elsevier.com/journals/swarm-and-evolutionary-computation/2210-6502?generatepdf=true}},
  note = {[En línea]}
}

@book{26,
  author = {Hamann, H.},
  title = {{Swarm Robotics: A Formal Approach}},
  publisher = {Springer International Publishing},
  year = {2018}
}

@book{27,
  author = {Shi, Y. and Zhang, M.},
  title = {{Bio-inspired Swarm Robotics: Concepts, Development, and Deployment}},
  publisher = {Springer International Publishing},
  year = {2009}
}

@misc{28,
  author = {Frąckiewicz, M.},
  title = {{¿Cómo funciona la tecnología de enjambre de un dron?}},
  howpublished = {TS2},
  month = {Marzo},
  year = {2023},
  howpublished = {\url{https://ts2.space/es/como-funciona-la-tecnologia-de-enjambre-de-un-dron/}},
  note = {[En línea]}
}

@misc{29,
  author = {{Amazon Web Services, Inc.}},
  title = {{Amazon Cognito Documentation}},
  howpublished = {\url{https://docs.aws.amazon.com/cognito/index.html}},
  year = {2022},
  note = {[En línea]}
}

@misc{30,
  author = {{Amazon Web Services, Inc.}},
  title = {{AWS | Almacenamiento de datos seguro en la nube (S3)}},
  howpublished = {\url{https://aws.amazon.com/es/s3/?did=ft_card&trk=ft_card}},
  year = {2022},
  note = {[En línea]}
}

@misc{31,
  author = {{Amazon Web Services, Inc.}},
  title = {{Amazon DynamoDB Documentation}},
  howpublished = {\url{https://docs.aws.amazon.com/dynamodb/index.html}},
  year = {2022},
  note = {[En línea]}
}

@misc{32,
  author = {{Amazon Web Services, Inc.}},
  title = {{Desarrollo de pila completa - Aplicaciones web y móviles - AWS Amplify}},
  howpublished = {\url{https://aws.amazon.com/es/amplify/}},
  year = {2022},
  note = {[En línea]}
}

@article{33,
  author = {Fretwell, P. T.},
  title = {{Whales from Space: Counting Southern Right Whales by Satellite}},
  journal = {PLOS ONE},
  month = {Febrero},
  year = {2014},
  howpublished = {\url{https://journals.plos.org/plosone/article?id=10.1371/journal.pone.0088655}},
  note = {[En línea]}
}

@online{34,
  author = {Edmond, C.},
  title = {{Cómo el 'SnotBot' y otros 2 drones nos ayudan a salvar especies en peligro de extinción}},
  month = {December},
  year = {2022},
  howpublished = {\url{https://www.weforum.org/agenda/2022/12/endangered-species-drones-conservation-ai-technology/}},
  note = {[En línea]}
}

@misc{35,
  author = {Hodgson, J. C.},
  title = {{Drones count wildlife more accurately and precisely than humans}},
  year = {2016},
  howpublished = {\url{https://www.biorxiv.org/content/10.1101/165019v1}},
  note = {[En línea]}
}

@article{36,
  author = {De la Llata Quiroga, Edna},
  title = {{The use of unmanned aerial vehicles for wildlife research}},
  journal = {BIOCYT Biología, Ciencia y Tecnología},
  volume = {16},
  pages = {1170-1187},
  year = {2023},
  howpublished = {\url{http://revistas.unam.mx/index.php/biocyt}},
  doi = {10.22201/fesi.20072082e.2023.16.86358},
  issn = {2007-2082}
}

@article{37,
  author = {Li, X.},
  title = {{Wildlife monitoring and research using unmanned aerial vehicles (UAVs)}},
  journal = {International Journal of Remote Sensing},
  pages = {2424-2437},
  year = {2017}
}

@misc{38,
  author = {Jover, A.},
  title = {{Un dron para salvar los delfines Maui}},
  year = {2021},
  month = {Abril},
  day = {4},
  howpublished = {\url{https://elpais.com/ciencia/2021-04-05/un-dron-para-salvar-los-delfines-maui.html}},
  note = {[En línea]}
}


@article{39,
  author = {Bevan, E.},
  title = {{Unmanned Aerial Vehicles (UAVs) for Monitoring Sea Turtles in Near-Shore Waters}},
  month = {Abril},
  year = {2015},
  url = {https://www.proquest.com/openview/11332ef3b85d82343d5946e45e2d8d36/1?pq-origsite=gscholar}
}

@article{40,
  author = {Barasona, J.},
  title = {{Unmanned Aircraft Systems for Studying Spatial Abundance of Ungulates: Relevance to Spatial Epidemiology}},
  journal = {PLOS ONE},
  month = {December},
  year = {2014},
  url = {https://journals.plos.org/plosone/article?id=10.1371/journal.pone.0115608}
}

@article{41,
  author = {Linchant, J.},
  title = {{Are unmanned aircraft systems (UASs) the future of wildlife monitoring?}},
  journal = {Mammal Review},
  day = {24},
  month = {August},
  year = {2015},
  url = {https://onlinelibrary.wiley.com/doi/abs/10.1111/mam.12046}
}

@article{42,
  author = {Sudhakar, S.},
  title = {{Unmanned Aerial Vehicle (UAV) based Forest Fire Detection and monitoring for reducing false alarms in forest-fires}},
  journal = {Computers and Electronics in Agriculture},
  day = {7},
  month = {Octubre},
  year = {2019},
  url = {https://www.sciencedirect.com/science/article/abs/pii/S0140366419308655}
}

@misc{43,
  author = {Rodríguez, H.},
  title = {{Animales en peligro de extinción}},
  year = {2023},
  month = {Marzo},
  day = {13},
  howpublished = {\url{https://www.nationalgeographic.com.es/naturaleza/grandes-reportajes/animales-peligro-extincion_12536}},
  note = {[En línea]}
}

@misc{44,
  author = {IUCN},
  title = {{Categorías y Criterios de La Lista Roja de IUCN}},
  year = {2020},
  howpublished = {\url{https://www.iucnredlist.org/es}},
  note = {[En línea]}
}

@article{45,
  author = {Manfredo, M.},
  title = {{Wildlife and Society: The Science of Human Dimensions}},
  month = {Semptiembre},
  year = {2008},
  url = {https://www.researchgate.com/publication/250612785_Wildlife_and_Society_The_Science_of_Human_Dimensions}
}

@book{46,
  author = {{E. O. C. Biology, Richard B. Primack}},
  title = {{Massachusetts, EE. UU.: Sinauer Associates}},
  month = {Mayo},
  year = {2014}
}

@article{47,
  author = {Rowcliffe, M. and Carbone, C. and Jansen, P. A. and Kays, R. and Kranstauber, B. and Miquelle, D. G. and Miranda, M. and Pace, L. and Quaglietta, L. and Rueda, M.},
  title = {{Estimating animal density using camera traps without the need for individual recognition}},
  journal = {Journal of Applied Ecology},
  volume = {45},
  day = {9},
  month = {Julio},
  year = {2008}
}

@article{48,
  author = {Fieberg, John},
  title = {{Quantifying Home-Range Overlap: The Importance of the Utilization Distribution}},
  journal = {Ecology},
  volume = {69},
  month = {December},
  year = {2010}
}

@article{49,
  author = {Kays, Roland},
  title = {{Terrestrial Animal Tracking as an Eye on Life and Planet}},
  journal = {Science},
  volume = {348},
  month = {Junio},
  year = {2015}
}

@book{50,
  author = {Millspaugh, Joshua},
  title = {{Radio Tracking and Animal Populations}},
  publisher = {Academic Press},
  address = {California, USA},
  year = {2001}
}

@misc{51,
  author = {José María Aparicio},
  title = {{Enjambre de drones}},
  organization = {AERTEC / Aerospace \& Defence Systems},
  year = {2016},
  howpublished = {\url{https://aertecsolutions.com/2016/02/08/enjambre-de-drones/}},
  note = {[En línea]}
}

@article{52,
  author = {Potdar, V. and Sharif, A. and Chang, E.},
  title = {{Wireless Sensor Networks: A Survey}},
  year = {2009},
  pages = {636 -641}
}

@misc{53,
  author = {Marshall, B.},
  title = {{How WiFi Works}},
  year = {2021},
  month = {August},
  day = {17},
  howpublished = {\url{https://computer.howstuffworks.com/wireless-network.htm}},
  note = {[En línea]}
}

@book{54,
  author = {{Keysight Technologies}},
  title = {{Bluetooth Technology Fundamentals}},
  year = {2014},
  publisher = {Keysight Technologies},
  address = {USA}
}

@book{55,
  author = {Chavez, C.},
  title = {{Zigbee Fundamentals}},
  year = {2021},
  publisher = {Silicon Labs},
  address = {Austin, TX}
}

@misc{56,
  author = {Aloÿs, A.},
  title = {{A Study of LoRa: Long Range \& Low Power Networks for the Internet of Things}},
  year = {2016},
  month = {Semptiembre},
  day = {9},
  howpublished = {\url{https://www.mdpi.com/1424-8220/16/9/1466}},
  note = {[En línea]}
}

@misc{57,
  author = {{MQTT}},
  title = {{MQTT: The Standard for IoT Messaging}},
  year = {2022},
  howpublished = {\url{https://mqtt.org/}},
  note = {[En línea]}
}

@inproceedings{58,
  author = {Abramson, Norman},
  title = {{The {ALOHA} system: Another alternative for computer communications}},
  booktitle = {Proceedings of the Fall Joint Computer Conference},
  volume = {37},
  year = {1970},
  pages = {281--285}
}

@article{59,
  author = {Roberts, Lawrence G.},
  title = {{{ALOHA} packet system with and without slots and capture}},
  journal = {Computer Networks},
  volume = {1},
  number = {2},
  year = {1972},
  pages = {175--185},
  issn = {1389-1286},
  doi = {10.1016/0010-4655(72)90014-7}
}

@online{60,
  author = {Terrell, K.},
  title = {{Mobile and Wireless Network Technology}},
  year = {2021},
  month = {Semptiembre},
  url = {https://www.techtarget.com/searchnetworking/definition/transceiver}
}

@online{61,
  author = {Sánchez, J.},
  title = {Redes inalámbricas. Diseño de una red inalámbrica en entorno rural},
  year = {2017},
  month = {Semptiembre},
  day = {28},
  url = {https://oa.upm.es/49902/}
}

@book{62,
  author = {Gu, Q.},
  title = {{RF System Design of Transceivers for Wireless Communications}},
  year = {2005},
  publisher = {Springer}
}

@article{63,
  author = {Akyildiz, W. S. and Su, Y. and Sankarasubramaniam, Y. and Cayirci, E.},
  title = {{A Survey on Sensor Networks}},
  journal = {IEEE Communications Magazine},
  volume = {40},
  number = {8},
  pages = {102-114},
  month = {August},
  year = {2002}
}

@book{64,
  author = {Zhao, Feng and Guibas, Leonidas},
  title = {{Wireless Sensor Networks: An Information Processing Approach}},
  publisher = {Morgan Kaufmann},
  address = {California, USA},
  year = {2004}
}

@article{65,
  author = {Romer, Kay and Mattern, Friedemann},
  title = {{The Design Space of Wireless Sensor Networks}},
  journal = {IEEE Wireless Communications},
  volume = {11},
  number = {6},
  pages = {54-61},
  month = {December},
  year = {2004}
}

@article{66,
  author = {Abbasi, Ameer Ahmed and Younis, Muhammad},
  title = {{A Survey on Clustering Algorithms for Wireless Sensor Networks}},
  journal = {Computer Communications},
  volume = {30},
  month = {Octubre},
  year = {2007}
}

@article{67,
  author = {Saeidpour, Mohsen and Akyildiz, Ian F.},
  title = {{Drone-based Wireless Sensor Networks: A Comprehensive Review}},
  journal = {Computer Networks},
  volume = {184},
  month = {Enero},
  year = {2021}
}

@article{68,
  author = {Aboelaze, Ahmed and Mohamed, Nader},
  title = {{A Review on Wireless Sensor Networks and Drones as a Joint Solution for Smart Agriculture}},
  year = {2020}
}

@article{69,
  author = {Buyya, Rajkumar and Yeo, Chee Shin and Venugopal, Srikumar and Broberg, James and Brandic, Ivona},
  title = {{Cloud Computing and Emerging IT Platforms: Vision, Hype, and Reality for Delivering Computing as the 5th Utility}},
  journal = {Future Generation Computer Systems},
  volume = {25},
  number = {6},
  pages = {599-616},
  year = {2009}
}

@techreport{70,
  author = {Mell, Peter and Grance, Timothy},
  title = {{The NIST Definition of Cloud Computing}},
  institution = {NIST},
  type = {Special Publication},
  number = {800-145},
  year = {2011},
  address = {Gaithersburg}
}

@article{71,
  author = {Armbrust, Michael and Fox, Armando and Griffith, Rean and Joseph, Anthony D. and Katz, Randy and Konwinski, Andy},
  title = {{A View of Cloud Computing}},
  journal = {Communications of the ACM},
  volume = {53},
  number = {4},
  pages = {50-58},
  year = {2010}
}

@techreport{72,
  author = {Varia, Jinesh},
  title = {{Overview of Amazon Web Services}},
  institution = {Amazon Web Services},
  type = {Whitepaper},
  year = {2009}
}

@article{22.2,
  title = {{Wireless sensor network for wildlife monitoring}},
  author = {Badescu, Alina-Mihaela and Fratu, Octavian and Frujina, Alexandru and Marcu, Ioana},
  journal = {Environmental Engineering and Management Journal},
  volume = {10},
  number = {11},
  pages = {1625--1634},
  year = {2011},
  month = {Noviembre},
  doi = {10.30638/eemj.2011.224},
}

@article{42.2,
  title = {{Vigilan polit\'ecnicos bosques con drones}},
  author = {Vel\'azquez, Iris},
  journal = {Reforma},
  year = {2018},
  month = {Abril},
  day = {28},
  url = {https://www.reforma.com/aplicacioneslibre/articulo/default.aspx? id=1381895&md5=bb318812a92a12ac2508bca2890ea53e&ta=0dfdbac11765226904 c16cb9ad1b2efe}
}

@article{75,
  author = {Mira, J. R. and Cruz, R. S. S. and Rojas, M. I. T. and Durán, C. G. O.},
  title = {{Design and Implementation of a Remote Monitoring System of Water Quality Using Wireless Sensor Networks (WSN)}},
  journal = {2017 IEEE Latin American Conference on Computational Intelligence (LA-CCI)},
  address = {Arequipa, Peru},
  year = {2017},
  pages = {1-6}
}

@inproceedings{76,
  author = {Yu, J. J. and Yu, K. and Wu, G.},
  title = {{Research and Implementation of Greenhouse Environment Monitoring System Based on Wireless Sensor Network}},
  booktitle = {2007 IEEE International Symposium on Industrial Electronics},
  address = {Vigo, Spain},
  year = {2007},
  pages = {2713-2717}
}

@article{77,
  author = {Li, Y. and Ji, L. and Zhang, Y. and Zhang, D. and Zhang, J. and Yin, J.},
  title = {{A Wireless Acoustic Sensor Network for Underwater Target Classification}},
  journal = {IEEE Transactions on Industrial Electronics},
  volume = {64},
  number = {4},
  year = {2017},
  pages = {3121-3130},
  month = {Abril}
}

@inproceedings{78,
  author = {Tang, T. and Xie, L. Z. and Wang, X. and Xu, Y. Z.},
  title = {{Pressure sensor based on {FBG} and its application in aerospace}},
  booktitle = {2013 {{IEEE/RSJ International Conference on Intelligent Robots and Systems}}},
  address = {Tokyo, Japan},
  year = {2013},
  pages = {4117-4122}
}

@inproceedings{79,
  author = {Jimenez, N. T. and Ferri, G. and Lozano, M. D. and Bernabe, S. S.},
  title = {{A Novel Multimodal Unmanned Aerial Vehicle for Aerial and Underwater Inspection of Dams}},
  booktitle = {2018 {{IEEE/RSJ International Conference on Intelligent Robots and Systems (IROS)}}},
  address = {Madrid, Spain},
  year = {2018},
  pages = {1229-1234}
}

@inproceedings{80,
  author = {Jin, X. and Qian, X. and Wang, J. and Wang, J.},
  title = {{{GPS/INS/ODO Integrated Navigation System for Urban Canyon Environments}}},
  booktitle = {2007 {{IEEE/RSJ International Conference on Intelligent Robots and Systems}}},
  address = {San Diego, CA, USA},
  year = {2007},
  pages = {1287-1292}
}

@inproceedings{81,
  author = {Tabatabai, P. P. and Zawadzki, A. and Lowe, M. and Tabatabai, P. P.},
  title = {{{Infrared proximity sensing for mobile robots}}},
  booktitle = {2007 {{IEEE/RSJ International Conference on Intelligent Robots and Systems}}},
  address = {San Diego, CA, USA},
  year = {2007},
  pages = {1930-1935}
}

@article{82,
  author = {Anderson, R. C. and Burnham, K. P. and Clark, L. D.},
  title = {{{Capture rates of remotely sensed images of snow leopards and Tibetan foxes}}},
  journal = {{Remote Sensing in Ecology and Conservation}},
  volume = {3},
  number = {1},
  year = {2017},
  pages = {16-23}
}

@article{83,
  author = {Martínez-Álvarez, J. V. and Martínez-Espinosa, J. and Sánchez, J. and Magdalena, L. and Riquelme, M. and Martínez-Muñoz, R.},
  title = {{{A Multispectral Imaging System for Vineyard Monitoring}}},
  journal = {{IEEE Transactions on Industrial Electronics}},
  volume = {66},
  number = {5},
  year = {2019},
  pages = {3850-3858},
  month = {Mayo}
}

@inproceedings{84,
  author = {Wijayasekara, A. and Halgamuge, S. K.},
  title = {{{An Effective Short-Term and Long-Term Weather Forecasting System}}},
  booktitle = {2013 {{IEEE Ninth International Conference on Wireless and Optical Communications Networks (WOCN)}}},
  year = {2013}
}

@inproceedings{85,
  author = {Wang, Y. and Wang, X. and Zou, Z.},
  title = {{{Design of High Precision Soil Moisture Sensor and Temperature Sensor Based on Wireless Sensor Network}}},
  booktitle = {2009 {{IEEE International Conference on Robotics and Biomimetics (ROBIO)}}},
  year = {2009}
}

@inproceedings{86,
  author = {Cholake, A.},
  title = {{Temperature Measurement Using Arduino, Cloud, and IoT}},
  booktitle = {2016 {{IEEE International Conference on Computing, Analytics and Security Trends (CAST)}}},
  year = {2016}
}

@inproceedings{87,
  author = {Feng, Y. and Wu, Y. and Xiao, B.},
  title = {{Research on Measurement of Partial Discharge Temperature Based on PT100 Thermal Resistance}},
  booktitle = {2018 {{IEEE International Conference on High Voltage Engineering and Application (ICHVE)}}},
  year = {2018}
}

@inproceedings{88,
  author = {Mandal, A. and Biswal, R. K. and Tibarewala, D. N.},
  title = {{Development of Smart Helmet for Detection of Alcohol Consumption, Accident Detection and Reporting}},
  booktitle = {2018 {{IEEE International Conference on Innovations in Control, Communication and Information Systems (ICICCI)}}},
  year = {2018}
}

@inproceedings{89,
  author = {Wang, Y. and Zheng, M.},
  title = {{Research on Ultrasonic Distance Measurement Technology Based on ZigBee}},
  booktitle = {2018 {{IEEE 2nd Information Technology, Networking, Electronic and Automation Control Conference (ITNEC)}}},
  year = {2018}
}

@inproceedings{90,
  author = {Duarte, H. Q. F.},
  title = {{Pressure Measurement Using Piezoelectric Sensors with Automatic Temperature Compensation}},
  booktitle = {2019 {{IEEE International Conference on Industrial Engineering and Engineering Management (IEEM)}}},
  year = {2019}
}

@inproceedings{91,
  author = {Wang, C. and Yang, M. and Yin, S.},
  title = {{Design of Water Pressure and Depth Detection System for Underwater Robot}},
  booktitle = {2017 {{IEEE International Conference on Robotics and Biomimetics (ROBIO)}}},
  year = {2017}
}

@inproceedings{92,
  author = {Bhuiyan, F. S. and Wu, S. T. and Hong, C. S.},
  title = {{An IoT-Based Environmental Monitoring System Using Raspberry-Pi}},
  booktitle = {2015 {{IEEE 2nd World Forum on Internet of Things (WF-IoT)}}},
  year = {2015}
}

@inproceedings{93,
  author = {Yang, M. and Bai, Y. and Sun, L.},
  title = {{Research and Design of Wireless Robot Car Based on Ultrasonic Sensor}},
  booktitle = {2019 {{IEEE International Conference on Robotics and Automation Sciences (ICRAS)}}},
  year = {2019}
}

@inproceedings{94,
  author = {Sabri, S. and Chekima, N. and Harun, N.},
  title = {{An Autonomous Path Planning Strategy for a Mini Unmanned Aerial Vehicle (Mini-UAV)}},
  booktitle = {2014 {{IEEE/RSJ International Conference on Intelligent Robots and Systems}}},
  year = {2014}
}

@inproceedings{95,
  author = {Huang, Y. and Wang, X. and Fan, L.},
  title = {{Development of a Miniature Low-Cost GPS/IMU Integrated Navigation System for UAVs}},
  booktitle = {2015 {{IEEE International Conference on Robotics and Automation (ICRA)}}},
  year = {2015}
}

@inproceedings{96,
  author = {Ananthapadmanabha, M. and Nirmal, M. N.},
  title = {{A Study on Intelligent Traffic Management System}},
  booktitle = {2014 {{IEEE International Conference on Electronics, Computing and Communication Technologies (IEEE CONECCT)}}},
  year = {2014}
}

@inproceedings{97,
  author = {Satya Prakash, R. V. N. V. and Prasad, B. K. D. and Ramprasad, G. S. S. S.},
  title = {{Implementation of an Indoor Navigation System for Visually Impaired People Using Ultrasonic Sensors}},
  booktitle = {2019 {{IEEE 5th World Forum on Internet of Things (WF-IoT)}}},
  year = {2019}
}

@inproceedings{98,
  author = {Ghanei, M. and Ramakrishnan, R. and Habib, M. K.},
  title = {{A Visual Assistive System for the Blind in Navigation and Object Recognition}},
  booktitle = {2014 {{IEEE/RSJ International Conference on Intelligent Robots and Systems}}},
  year = {2014}
}

@inproceedings{99,
  author = {Sharma, N. and Garg, N.},
  title = {{Design and Implementation of a Low-Cost Robotic Surveillance System}},
  booktitle = {2019 {{IEEE International Conference on Robotics and Automation Sciences (ICRAS)}}},
  year = {2019}
}

@inproceedings{100,
  author = {Ren, D. and Wu, X. and Yang, X.},
  title = {{Development of an Unmanned Aerial Vehicle for Remote Sensing Applications}},
  booktitle = {2018 {{IEEE International Conference on Robotics and Automation (ICRA)}}},
  year = {2018}
}

@inproceedings{101,
  author = {Mondal, R. and Dixit, A. D.},
  title = {{A Hyperspectral Image Processing Approach for Crop Disease Detection Using Deep Learning Techniques}},
  booktitle = {2019 {{IEEE International Conference on Robotics and Automation Sciences (ICRAS)}}},
  year = {2019}
}

@misc{102,
  author = {{IBM}},
  title = {{¿Qué es DBAAS (Base de datos como servicio)?}},
  year = {s. f.-b},
  howpublished = {\url{https://www.ibm.com/mx-es/topics/dbaas}},
  note = {Recuperado el 29 de Septiembre de 2023}
}

@misc{103,
  author = {{Amazon Web Services, Inc.}},
  title = {{Bases de datos relacionales frente a los no relacionales: diferencia entre los tipos de bases de datos}},
  year = {s. f.},
  howpublished = {\url{https://aws.amazon.com/es/compare/the-difference-between-relational-and-non-relational-databases/}}
}

@misc{104,
  author = {Fiz, J. M.},
  title = {{AWS vs Azure vs GCP: Todos los servicios cloud frente a frente}},
  year = {2022},
  month = {Noviembre},
  day = {7},
  howpublished = {\url{https://www.paradigmadigital.com/dev/comparativa-servicios-cloud-aws-azure-gcp/}}
}

@misc{105,
  author = {{Azure Microsoft}},
  title = {{Azure Cosmos DB pricing}},
  year = {s. f.},
  howpublished = {\url{https://azure.microsoft.com/en-us/pricing/details/cosmos-db/autoscale-provisioned/}},
  note = {Recuperado el 2 de Octubre de 2023}
}

@misc{106,
  author = {{Google Cloud}},
  title = {{Datastore}},
  year = {s. f.},
  howpublished = {\url{https://cloud.google.com/datastore?hl=es-419}},
  note = {Recuperado el 2 de Octubre de 2023}
}

@misc{107,
  author = {{Oracle México}},
  title = {{Estimador de costos Oracle Cloud}},
  year = {s. f.},
  howpublished = {\url{https://www.oracle.com/mx/cloud/costestimator.html}},
  note = {Recuperado el 2 de Octubre de 2023}
}

@misc{108,
  author = {{Amazon Web Services, Inc.}},
  title = {{AWS | Servicio de base de datos gestionada NoSQL (DynamoDB)}},
  year = {s. f.},
  howpublished = {\url{https://aws.amazon.com/es/dynamodb/}},
  note = {Recuperado el 2 de Octubre de 2023}
}

@misc{109,
  author = {Spaan, D.},
  title = {{Sitio personal - Región Xalapa - Denise Spaan}},
  organization = {Universidad Veracruzana},
  year = {Abril 2023},
  howpublished = {\url{https://www.uv.mx/personal/dspaan/}}
}

@misc{110,
  author = {Wich, S. and Lonore, S.},
  title = {{Drones to the rescue: wildlife park footage will help save endangered animals}},
  organization = {Liverpool John Moores University},
  year = {2023},
  howpublished = {\url{https://www.ljmu.ac.uk/about-us/news/features/drones-save-wildlifegm}}
}

@misc{111,
  author = {Mandujano Rodríguez, S.},
  title = {{Dr. Salvador Mandujano Rodríguez}},
  organization = {INECOL CONAHCYT},
  year = {2023},
  howpublished = {\url{https://www.inecol.mx/personal/index.php/vertebrados/56-salvador-mandujano-rodriguez}}
}

@misc{112,
  author = {Rísquez Valdepeña, A.},
  title = {{Alberto Rísquez Valdepeña}},
  organization = {ResearchGate},
  year = {2023},
  howpublished = {\url{https://www.researchgate.net/profile/Alberto-Valdepena}}
}

@misc{113,
  author = {Mandujano, S. and Rísquez Valdepeña, A.},
  title = {{Drones: observación de fauna y de hábitats desde el aire}},
  organization = {INECOL},
  year = {2023},
  howpublished = {\url{https://www.inecol.mx/inecol/index.php/es/ct-menu-item-25/ct-menu-item-27/17-ciencia-hoy/563-drones-observacion-de-fauna-y-de-habitats-desde-el-aire}}
}

@article{114,
  author = {Akyildiz, I. F. and Su, W. and Sankarasubramaniam, Y. and Cayirci, E.},
  title = {{A survey on sensor networks}},
  journal = {{IEEE Communications Magazine}},
  volume = {40},
  number = {8},
  pages = {102-114},
  year = {2002}
}

@article{115,
  author = {Chong, C.-Y. and Kumar, S. P. and Hong, X. H.},
  title = {{Sensor networks: evolution, opportunities, and challenges}},
  journal = {{Proceedings of the IEEE}},
  volume = {91},
  number = {8},
  pages = {1247-1256},
  year = {2003}
}

@book{116,
  author = {Howard, A. and Mataric, M. J. and Sukhatme, G. S.},
  title = {{Mobile sensor network deployment using potential fields: A distributed, scalable solution to the area coverage problem}},
  publisher= {{Proceedings of the International Symposium on Distributed Autonomous Robotic Systems (DARS)}},
  year = {2002}
}

@article{117,
  author = {Alippi, A. and Roveri, M.},
  title = {{A survey of fault diagnosis systems for wireless sensor networks}},
  journal = {{IEEE Communications Surveys \& Tutorials}},
  volume = {16},
  number = {1},
  pages = {266-284},
  year = {2013}
}

@misc{118,
  author = {{Semtech}},
  title = {{Semtech’s LoRa Devices Integrated Into REYAX Technology’s New Antenna Transceiver Module}},
  year = {2022},
  howpublished = {\url{https://www.semtech.com/company/press/semtechs-lora-devices-integrated-into-reyax-technologys-new-antenna-transceiver-module}}
}

@inproceedings{119,
  author = {G. Yinan and S. Zhang and D. Xiao},
  title = {{Overview of Wi-Fi Technology}},
  booktitle = {{The 2nd International Conference on Computer Application and System Modeling}},
  year = {2012}
}

@misc{120,
  author = {{Catsensors}},
  title = {{Tecnología LoRa y LoRaWAN}},
  organization = {{CATSENSORS - Sensores e instrumentación industrial}},
  year = {2013},
  howpublished = {\url{https://www.catsensors.com/es/lorawan/tecnologia-lora-y-lorawan#:~:text=LoRaWAN%20es%20protocolo%20de%20red,comunicar%20y%20administrar%20dispositivos%20LoRa}}
}
@article{121,
  author = {Rappaport, T. S. and et al.},
  title = {{Wireless communications: principles and practice}},
  journal = {{IEEE Transactions on Communications}},
  volume = {42},
  number = {12},
  pages = {2823-2835},
  year = {1994}
}

@misc{122,
  author = {{Components 101}},
  title = {{Micro SD Card Adapter Module}},
  year = {2021},
  howpublished = {\url{https://components101.com/modules/micro-sd-card-module-pinout-features-datasheet-alternatives}}
}

@article{123,
  author = {McShea, W. J. and Rappole, J. H.},
  title = {{Managing the abundance and diversity of breeding bird populations through manipulation of deer populations}},
  journal = {{Conservation Biology}},
  volume = {14},
  number = {4},
  pages = {1161-1170},
  year = {2000}
}

@article{124,
  author = {Litvaitis, J. A. and Harrison, D. J.},
  title = {{Bobcat habitat use and home range size in relation to prey density}},
  journal = {{Journal of Wildlife Management}},
  volume = {53},
  number = {3},
  pages = {647-656},
  year = {1989}
}

@article{125,
  author = {Sanderson, E. W. and et al.},
  title = {{Planning to save a species: the jaguar as a model}},
  journal = {{Conservation Biology}},
  volume = {16},
  number = {1},
  pages = {58-72},
  year = {2002}
}

@article{126,
  author = {Herrero, S. and Fleck, S.},
  title = {{Social structure of the brown bear (Ursus arctos) in Alberta}},
  journal = {{Bears: Their Biology and Management}},
  volume = {8},
  number = {1},
  pages = {33-40},
  year = {1990}
}

@techreport{127,
  author = {Foerster, C. R. and Vaughan, C. and Gomez, L. G.},
  title = {{Tapir Conservation: The State of the World’s Tapirs}},
  institution = {{Tapir Specialist Group}},
  year = {1992}
}

@misc{128,
  author = {{Auth0}},
  title = {{¿Qué es OAUTH 2.0 y para qué sirve? - Auth0}},
  year = {2023},
  howpublished = {\url{https://auth0.com/es/intro-to-iam/what-is-oauth-2}}
}

@misc{129,
  author = {{Amazon Cognito}},
  title = {{¿Qué es Amazon Cognito?}},
  year = {2023},
  howpublished = {\url{https://docs.aws.amazon.com/es_es/cognito/latest/developerguide/what-is-amazon-cognito.html}}
}

@misc{130,
  author = {{AWS Identity and Access Management}},
  title = {{¿Qué es IAM? - AWS Identity and Access Management}},
  year = {2023},
  howpublished = {\url{https://docs.aws.amazon.com/es_es/IAM/latest/UserGuide/introduction.html}}
}

@misc{131,
  author = {{AWS Lambda}},
  title = {{¿Qué es AWS Lambda? - AWS Lambda}},
  year = {2023},
  howpublished = {\url{https://docs.aws.amazon.com/es_es/lambda/latest/dg/welcome.html}}
}

@misc{132,
  author = {{Amazon Simple Storage Service}},
  title = {{¿Qué es Amazon S3? - Amazon Simple Storage Service}},
  year = {2023},
  howpublished = {\url{https://docs.aws.amazon.com/es_es/AmazonS3/latest/userguide/Welcome.html}}
}

@misc{133,
  author = {{Amazon DynamoDB}},
  title = {{Integración de DynamoDB con Amazon S3 - Amazon DynamoDB}},
  year = {2023},
  howpublished = {\url{https://docs.aws.amazon.com/es_es/amazondynamodb/latest/developerguide/S3forDynamoDB.html}}
}

@misc{base1,
  title = {{Bases de datos relacional ¿Qué es y sus características?}},
  organization = {{Ayuda Ley Protección Datos}},
  year = {2020},
  howpublished = {\url{https://ayudaleyprotecciondatos.es/bases-de-datos/relacional/}},
  note = {Septiembre 7}
}

@misc{base2,
  author = {C. Ortega},
  title = {{Base de datos relacional: Qué es, características y ventajas de su uso}},
  organization = {{Tudashboard.com}},
  year = {2021},
  howpublished = {\url{https://tudashboard.com/base-de-datos-relacional/}},
  note = {08-Oct}
}

@misc{base3,
  title = {{¿Qué es un sistema de administración de bases de datos relacionales?}},
  organization = {{Microsoft.com}},
  howpublished = {\url{https://azure.microsoft.com/es-es/resources/cloud-computing-dictionary/what-is-a-relational-database}},
  note = {[Accessed: 02-Enero-2024]}
}

@misc{base4,
  author = {R. Canadas},
  title = {{Base de datos relacional}},
  organization = {{abdatum}},
  year = {2021},
  note = {Noviembre 8}
}

@misc{base5,
  title = {{NoSQL y SQL Principales Características de estas BBDD}},
  organization = {{Ibertech}},
  year = {2019},
  howpublished = {\url{https://www.ibertech.org/en/nosql-y-sql-principales-caracteristicas-de-estas-bbdd/}},
  note = {Mayo 31}
}

@misc{nbase1,
  author = {F. Tablado},
  title = {{Base de datos no relacional. ¿Qué es? Características y ejemplos}},
  organization = {{Ayuda Ley Protección Datos}},
  year = {2020},
  howpublished = {\url{https://ayudaleyprotecciondatos.es/bases-de-datos/no-relacional/}},
  note = {Septiembre 9}
}

@misc{nbase2,
  author = {L. Carrero},
  title = {{Bases de datos NoSQL: características y tipos}},
  organization = {{Stackscale}},
  year = {2023},
  howpublished = {\url{https://www.stackscale.io/blog/bases-de-datos-nosql-caracteristicas-y-tipos/}},
  note = {Enero 02}
}

@misc{nbase3,
  title = {{Amazon.com - NoSQL}},
  howpublished = {\url{https://aws.amazon.com/es/nosql/}},
  note = {[Accessed: 02-Enero-2024]}
}

@misc{nbase4,
  title = {{Bases de Datos NoSQL: qué son y cuáles son sus ventajas}},
  organization = {{UNIR México}},
  howpublished = {\url{https://mexico.unir.net/ingenieria/noticias/bases-de-datos-nosql/}},
  note = {[Accessed: 02-Enero-2024]}
}

@misc{proveedor1,
  organization = {{Care4IT. Ch GmbH}},
  title = {{Computación en nube: Los 5 criterios de selección para las empresas}},
  year = {2021},
  howpublished = {\url{https://morethandigital.info/es/computacion-en-nube-los-5-criterios-de-seleccion-para-las-empresas/}},
  note = {Enero 28}
}

@misc{proveedor2,
  author = {C. Molero},
  title = {{Cómo evaluar la seguridad del proveedor de servicios en la nube}},
  organization = {{NoticiasCIO}},
  year = {2022},
  howpublished = {\url{https://noticiascio.com/como-evaluar-la-seguridad-del-proveedor-de-servicios-en-la-nube/}},
  note = {Mayo 18}
}

@misc{proveedor3,
  author = {T. Latam},
  title = {{¿Cómo elegir un proveedor de servicios en la nube?}},
  organization = {{Tivit.com}},
  howpublished = {\url{https://latam.tivit.com/blog/que-debo-considerar-a-la-hora-de-contratar-a-un-proveedor-de-nube/}},
  note = {[Accessed: 02-Enero-2024]}
}

@misc{proveedor4,
  title = {{Cómo se elige un proveedor de servicios en la nube}},
  organization = {{Microsoft.com}},
  howpublished = {\url{https://azure.microsoft.com/es-es/resources/cloud-computing-dictionary/choosing-a-cloud-service-provider/}},
  note = {[Accessed: 02-Enero-2024]}
}

@misc{proveedor5,
  author = {C. de DocuSign},
  title = {{¿Cómo elegir un buen proveedor de nube? ¡Sigue estos consejos!}},
  organization = {{DocuSign}},
  year = {2022},
  note = {14 Febrero},
  howpublished = {\url{ https://www.docusign.com/es-mx/blog/proveedor-de-la-nube}},
}

@misc{IPN,
  author = {{IPN}},
  title = {{Página Principal del IPN}},
  howpublished = {\url{https://www.ipn.mx/}},
}

@misc{CONANP,
  author = {{CONANP}},
  title = {{Sitio Oficial de la CONANP}},
  howpublished = {\url{https://www.gob.mx/conanp}},
}

@misc{UNAM,
  author = {{UNAM}},
  title = {{Página Principal de la UNAM}},
  howpublished = {\url{https://www.unam.mx/}},
}

@misc{PronaturaMexico,
  author = {{Pronatura México}},
  title = {{Pronatura México}},
  howpublished = {\url{https://www.pronatura.org.mx/}},
}

@misc{WWFMexico,
  author = {{WWF México}},
  title = {{WWF México}},
  howpublished = {\url{https://www.wwf.org.mx/}},
}

@misc{MexicoTierraDeJaguar,
  author = {{México Tierra de Jaguar}},
  title = {{México Tierra de Jaguar}},
  howpublished = {\url{https://www.mexicotierradejaguar.org/}},
}

@misc{UniversidadVeracruzana,
  author = {{Universidad Veracruzana}},
  title = {{Página Principal de la Universidad Veracruzana}},
  howpublished = {\url{https://www.uv.mx/}},
}

@misc{InstitutoEcologiaUNAM,
  author = {{Instituto de Ecología de la UNAM}},
  title = {{Instituto de Ecología - UNAM}},
  howpublished = {\url{https://www.ecologia.unam.mx/}},
}

@misc{INECC,
  author = {{INECC}},
  title = {{INECC - Instituto Nacional de Ecología y Cambio Climático}},
  howpublished = {\url{https://www.gob.mx/inecc}},
}

@misc{SEMARNAT,
  author = {{SEMARNAT}},
  title = {{Sitio Oficial de la SEMARNAT}},
  howpublished = {\url{https://www.gob.mx/semarnat}},
}

@misc{INECOL,
  author = {{INECOL}},
  title = {{Página Principal del INECOL}},
  howpublished = {\url{https://www.inecol.mx/inecol/}},
}
%%%Analisis WSN
@misc{clienteservidor,
  author = {Oscar Balancarte},
  title = {{Arquitectura Cliente-Servidor}},
  year = {2021},
  howpublished = {\url{https://reactiveprogramming.io/blog/es/estilos-arquitectonicos/cliente-servidor}},
  note = {Blog}
}

@misc{p2p,
  author = {Oscar Balancarte},
  title = {{Arquitectura Peer To Peer (P2P)}},
  year = {2021},
  howpublished = {\url{https://reactiveprogramming.io/blog/es/estilos-arquitectonicos/p2p}},
  note = {Blog}
}

@misc{malla,
  author = {Tom Nolle},
  title = {{Topología de red de malla (red de malla)}},
  year = {2021},
  howpublished = {\url{https://www.computerweekly.com/es/definicion/Topologia-de-red-de-malla-red-de-malla}},
  note = {CIMI Corporation}
}

@misc{arbol,
  author = {Leandro Alegsa},
  title = {{Definición de Topología en Árbol}},
  year = {2023},
  howpublished = {\url{https://www.alegsa.com.ar/Dic/topologia_en_arbol.php#gsc.tab=0}}
}

@misc{estrella,
  author = {Helen Rivera},
  title = {{Topología Estrella}},
  year = {2017},
  howpublished = {\url{https://clasificaciondelasredesblog.wordpress.com/2017/05/09/topologia-estrella/}}
}

@misc{arduino,
  author = {{Tecnologia en Bolivia}},
  title = {{Arduino Pro Micro ATmega32U4 5V 16MHz}},
  year = {2021},
  howpublished = {\url{https://www.tecbolivia.com/index.php/venta-de-componentes-electronicos-11/arduino/arduino-pro-micro-atmega32u4-5v-16mhz-detail#:~:text=El%20Arduino%20Pro%20Micro%20tienen,en%20el%20lenguaje%20C%20%2B%2B.}}
}

@misc{pizero,
  author = {{330ohms}},
  title = {{Raspberry Pi Zero W}},
  year = {2023},
  howpublished = {\url{https://www.330ohms.com/products/raspberrypizerow#:~:text=La%20Raspberry%20Pi%20Zero%20W,y%205%20mm%20de%20profundidad.}}
}

@misc{esp32,
  author = {José Guerra Carmenate},
  title = {{ESP32 Wifi y Bluetooth en un solo chip}},
  year = {2023},
  howpublished = {\url{https://programarfacil.com/esp8266/esp32/}}
}

@misc{litio,
  title = {{Baterías de ion de litio}},
  author = {Iberdrola},
  year = {2022},
  howpublished = {\url{https://www.iberdrola.com/innovacion/baterias-ion-litio#:~:text=Una%20bater%C3%ADa%20de%20ion%20de,la%20d%C3%A9cada%20de%20los%2070.}}
}

@misc{alcalinas,
  author = {Emilio Moron},
  title = {{Pilas alcalinas ¿Cómo funcionan?}},
  year = {2019},
  howpublished = {\url{https://hive.blog/hive-196387/@emiliomoron/pilas-alcalinas-c-mo-funcionan--1600084779}}
}

@misc{bluetooth,
  title = {{¿Qué es la tecnología Bluetooth?}},
  author = {Intel},
  year = {2022},
  howpublished = {\url{https://www.intel.la/content/www/xl/es/products/docs/wireless/what-is-bluetooth.html}}
}

@misc{rfid,
  title = {{RFID o identificación por radiofrecuencia}},
  author = {Sarah Amsler, TechTarget},
  year = {2021},
  howpublished = {\url{https://www.computerweekly.com/es/definicion/RFID-o-identificacion-por-radiofrecuencia}}
}

@misc{usb,
  title = {{Módulo USB ARD-392 para Arduino y Microcontroladores}},
  author = {Steren},
  howpublished = {\url{https://www.abasteo.mx/Computo-y-Hardware/Componentes/Placas-de-Desarrollo/Modulos-y-Motores/Steren-Modulo-USB-ARD-392-para-Arduino-Microcontroladores.html}},
  year = {2023}
}

@misc{sslibrary,
  title = {{SoftwareSerial Library - Arduino Documentation}},
  howpublished = {\url{https://docs.arduino.cc/learn/built-in-libraries/software-serial}},
  year = {2023}
}

@misc{loralibrary,
  title = {{LoRa Library - Arduino Reference}},
  author = {Arduino}
  howpublished = {\url{https://www.arduino.cc/reference/en/libraries/lora/}},
  year = {2023}
}

@misc{tinygpslibrary,
  title = {{TinyGPS Library - Arduino Reference}},
  howpublished = {\url{https://www.arduino.cc/reference/en/libraries/tinygps/}},
  year = {2023}
}

@misc{sdlibrary,
  title = {{SD Library - Arduino Reference}},
  howpublished = {\url{https://www.arduino.cc/reference/en/libraries/sd/}},
  year = {2023}
}


%%%Analisis drones
@misc{tipostamanios,
  author = {Aerocamaras},
  title = {{¿Qué tipos de drones existen?}},
  year = {2021},
  howpublished = {\url{https://cursodedrones.es/que-tipos-de-drones-existen/}},
  note = {Septiembre 23}
}

@misc{tiposdrones,
  author = {{UMILES GROUP}},
  title = {{Tipos de Drones. Clasificación por uso y características}},
  year = {2022},
  howpublished = {\url{https://umilesgroup.com/tipos-de-drones/}},
  note = {Octubre 6}
}

@misc{arduinonano,
  author = {El Cajon de Ardu},
  title = {{Arduino Nano: Todo lo que necesitas saber}},
  year = {2013},
  howpublished = {\url{https://www.elcajondeardu.com/arduino-nano-todo-lo-que-necesitas-saber/#:~:text=Arduino%20Nano%20es%20una%20placa,donde%20el%20espacio%20es%20limitado.}}
}

@misc{raspberry,
  author = {Roberto Solé},
  title = {{Raspberry Pi: Crea proyectos DIY por muy poco dinero}},
  year = {2021},
  howpublished = {\url{https://www.profesionalreview.com/2021/07/18/que-es-raspberry-pi/#:~:text=sobre%20Raspberry%20Pi-,Qu%C3%A9%20es%20Raspberry%20Pi,y%20electr%C3%B3nica%20en%20los%20colegios.}},
  note = {Julio 18}
}

@misc{jetson,
  author = {{330 ohms}},
  title = {{¿Qué puedo hacer con una Jetson Nano?}},
  year = {2020},
  howpublished = {\url{https://blog.330ohms.com/2020/05/17/que-puedo-hacer-con-una-jetson-nano/}},
  note = {Mayo 17}
}

@misc{beagle,
  author = {Newark},
  title = {{Conozca a los Beagles: Computación de código abierto}},
  year = {2016},
  howpublished = {\url{https://mexico.newark.com/b/beagleboard#:~:text=Las%20placas%20BeagleBone%C2%AE%20son,gasto%2C%20ruido%20ni%20gran%20tama%C3%B1o.}}
}

@misc{python,
  author = {Pablo Londoño},
  title = {{Qué es Python, para qué sirve y cómo se usa}},
  organization = {Hubspot},
  year = {2023},
  howpublished = {\url{https://blog.hubspot.es/website/que-es-python}},
  note = {Abril 04}
}

@misc{cmasmas,
  author = {Angel Robledano},
  title = {{C++: Características y aplicaciones}},
  organization = {OpenWebinars},
  year = {2019},
  howpublished = {\url{https://openwebinars.net/blog/que-es-cpp/}},
  note = {Julio 22}
}

@misc{ros,
  author = {Daniel Ortego Delgado},
  title = {{Qué es ROS (Robot Operating System)}},
  organization = {OpenWebinars},
  year = {2017},
  howpublished = {\url{https://openwebinars.net/blog/que-es-ros/}},
  note = {Septiembre 21}
}

@misc{matlab,
  title = {{¿Qué es MatLab?}},
  author = {{Reclu IT}},
  year = {2020},
  howpublished = {\url{https://recluit.com/que-es-matlab/}},
  note = {Julio 23}
}

@misc{pix,
  title = {{The Cube Black}},
  author = {Ardupilot},
  year = {2023},
  howpublished = {\url{https://ardupilot.org/copter/docs/common-thecube-overview.html}}
}

@misc{dji,
  title = {{N3 Diseñado para una total seguridad y actualización}},
  author = {{DJI}},
  year = {2022},
  howpublished = {\url{https://www.dji.com/mx/n3#:~:text=Soluci%C3%B3n%20de%20sistema%20integral&text=Utilizado%20junto%20con%20Onboard%20y,medida%20r%C3%A1pidamente%20y%20con%20facilidad.}}
}

@misc{vector,
  title = {{VECTOR-600}},
  author = {}UAV Navigation}},
  year = {2023},
  howpublished = {\url{https://www.uavnavigation.com/es/productos/autopilotos/vector-600#:~:text=El%20VECTOR%2D600%20es%20el%20Ordenador%20de%20Control%20de%20Vuelo,las%20condiciones%20medioambientales%20m%C3%A1s%20severas.}}
}

@misc{naze,
  title = {{Controladora de vuelo NAZE32 REV5 6DOF}},
  author = {{Mercadorc}},
  year = {2022},
  howpublished = {\url{https://www.mercadorc.es/Naze-32-Rev6-Acro-Flight-Control-Board#:~:text=El%20controlador%20de%20vuelo%20Naze32,en%20el%20software%20familiar%20MultiWii.&text=Permite%20leer%20la%20tensi%C3%B3n%20de%20la%20bater%C3%ADa.&text=Es%20compatible%20con%20telemetr%C3%ADa%20FrSky.}}
}

@misc{phantom,
  title = {{Phantom 4 RTK}},
  author = {{DJI Enterprise}},
  year = {2023},
  howpublished = {\url{https://enterprise.dji.com/es/phantom-4-rtk}}
}

@misc{zx5,
  title = {{TRIMBLE ZX5 MULTIROTOR}},
  author = {{KPN}},
  year = {2022},
  howpublished = {\url{http://kpn.com.uy/web/producto/trimble-zx5-multirotor/}}
}

@misc{here,
  title = {{CubePilot Here+ RTK GPS}},
  author = {{ArduPilot}},
  year = {2023},
  howpublished = {\url{https://ardupilot.org/rover/docs/common-here-plus-gps.html}}
}

@misc{nrf24,
  title = {{Módulo Transceptor RF NRF24L01 2.4GHz}},
  author = {{Tostatronic Shop}},
  year = {2023},
  howpublished = {\url{https://www.tostatronic.com/product/nrf24l01/}}
}

@misc{xbee,
  title = {{¿Qué es XBee?}},
  author = {{MCI Electronics}},
  year = {2021},
  howpublished = {\url{https://xbee.cl/que-es-xbee/}}
}

@misc{lora,
  title = {{¿Qué es un módulo LoRa?}},
  author = {{MOKOSMART}},
  year = {2021},
  howpublished = {\url{https://www.mokolora.com/es/what-is-a-lora-module/}},
  note = {Agosto 11}
}

@misc{t58,
  title = {{Transmisor Receptor Inalámbrico Audio y Video 5.8GHz 200mts.}},
  author = {{Web Electro}},
  year = {2023},
  howpublished = {\url{https://www.webelectro.com.mx/articulo/transmisor-receptor-inalambrico-audio-y-video-5-8ghz-200mts-3/}}
}

@misc{formaciones,
  title = {{Vuelo en formación de drones: uso y ejemplos}},
  author = {{Embention}},
  year = {2020},
  howpublished = {\url{https://www.embention.com/es/news/vuelo-en-formacion-de-drones-uso-y-ejemplos/}},
  note = {Abril 30}
}

@misc{FLYSKY,
  title = {{FLYSKY FS-i6X Transmisor Controlador de Actualización}},
  author = {{Amazon México}},
  year = {2023},
  howpublished = {\url{https://www.amazon.com.mx/FLYSKY-FS-i6X-transmisor-controlador-actualizaci%C3%B3n/dp/B07Z8VCB45/ref=asc_df_B07Z8VCB45/?hvadid=547138807425&hvpos=&hvnetw=g&hvrand=16053575743100936782&hvpone=&hvptwo=&hvqmt=&hvdev=c&hvdvcmdl=&hvlocint=&hvlocphy=9047084&hvtargid=pla-1088447909254&psc=1&mcid=af462ef7070c35e0914f350308a9e438}}
}

@misc{videodron,
  title = {{Drone Simulation Using Gazebo on ROS Noetic}},
  author = {Suhail Rafi},
  year = {2022},
  howpublished = {\url{https://www.youtube.com/watch?v=p3HT8X1dUWA}}
}

@online{apacheVTL,
  title = {{Velocity Template Language (VTL): An Introduction}},
  author = {{The Apache Software Foundation}},
  year = {2020},
  howpublished = {\url{https://velocity.apache.org/engine/1.7/user-guide.html#velocity-template-language-vtl-an-introduction}
}



% ------------------------------------------------------------------------
